<collection>
<record>
<leader>09785cjcaa22013697a 4500</leader>
<controlfield tag="001">16152223</controlfield>
<controlfield tag="005">20231130084722.0</controlfield>
<controlfield tag="007">st ||n|m|||n|e</controlfield>
<controlfield tag="007">ss ||njl|||n|e</controlfield>
<controlfield tag="007">sd c||cnn|||||</controlfield>
<controlfield tag="008">100324i19512005xx |||| eng </controlfield>
<datafield ind1=" " ind2=" " tag="906">
<subfield code="a">7</subfield>
<subfield code="b">cbc</subfield>
<subfield code="c">orignew</subfield>
<subfield code="d">u</subfield>
<subfield code="e">ncip</subfield>
<subfield code="f">20</subfield>
<subfield code="g">y-folklife</subfield>
</datafield>
<datafield ind1=" " ind2=" " tag="955">
<subfield code="a">mkru 2010-03-24; cker 2011-12-12;</subfield>
<subfield code="a">mseg 2013-01-07</subfield>
<subfield code="a">mkru 2013-05-07</subfield>
<subfield code="a">mkru 2016-02-23</subfield>
<subfield code="a">mseg 2017-02-11</subfield>
<subfield code="a">mseg 2019-04-19</subfield>
<subfield code="a">mseg 2019-09-16</subfield>
<subfield code="a">mseg 2021-11-12</subfield>
<subfield code="a">masmit 2021-11-22</subfield>
<subfield code="a">masmit 2021-11-23</subfield>
<subfield code="a">masmit 2021-12-01</subfield>
<subfield code="a">masmit 2021-12-03</subfield>
<subfield code="a">masmit 2021-12-07</subfield>
<subfield code="a">masmit 2021-12-08</subfield>
<subfield code="a">masmit 2021-12-15</subfield>
<subfield code="a">fcundiff 2022-09-07</subfield>
<subfield code="a">mseg 2023-11-30</subfield>
</datafield>
<datafield ind1=" " ind2=" " tag="010">
<subfield code="a"> 2010655344</subfield>
</datafield>
<datafield ind1=" " ind2=" " tag="040">
<subfield code="a">DLC</subfield>
<subfield code="c">DLC</subfield>
<subfield code="b">eng</subfield>
<subfield code="e">dacs</subfield>
<subfield code="d">DLC</subfield>
<subfield code="d">DLC</subfield>
</datafield>
<datafield ind1="0" ind2=" " tag="041">
<subfield code="d">eng</subfield>
<subfield code="d">gem</subfield>
<subfield code="d">ita</subfield>
<subfield code="d">spa</subfield>
</datafield>
<datafield ind1=" " ind2=" " tag="043">
<subfield code="a">n-us-pa</subfield>
<subfield code="a">n-us-nj</subfield>
<subfield code="a">n-us-in</subfield>
<subfield code="a">n-us-ky</subfield>
</datafield>
<datafield ind1=" " ind2=" " tag="090">
<subfield code="a">
IDA 00865 (6 in. disc); RAA 46835-46910 (10 in. tape reels); RXF 6775-6781, RXF 7097-7099, RXF 7451-7462, RXH 0745-0793, RXI 0229-0233, RXJ 4972-4981 (7 in. tape reels); RYJ 4333-4343, RYQ 3060-3080, RYQ 3189-3271, RYQ 7501-7503, RYS 4592 (sound cassettes); VAR 7414 (VHS tape)
</subfield>
</datafield>
<datafield ind1=" " ind2=" " tag="090">
<subfield code="a">AFC 2003/051</subfield>
</datafield>
<datafield ind1="0" ind2="0" tag="245">
<subfield code="a">Don Yoder collection of tape and disc recordings.</subfield>
</datafield>
<datafield ind1=" " ind2=" " tag="260">
<subfield code="c">1951-2005.</subfield>
</datafield>
<datafield ind1=" " ind2=" " tag="300">
<subfield code="a">382</subfield>
<subfield code="f">items</subfield>
</datafield>
<datafield ind1=" " ind2=" " tag="300">
<subfield code="3">manuscripts</subfield>
<subfield code="a">1</subfield>
<subfield code="f">box</subfield>
<subfield code="a">(approximately 79</subfield>
<subfield code="f">sheets)</subfield>
</datafield>
<datafield ind1=" " ind2=" " tag="300">
<subfield code="3">sound recordings</subfield>
<subfield code="a">77 sound tape reels :</subfield>
<subfield code="b">analog ;</subfield>
<subfield code="c">10 in.</subfield>
</datafield>
<datafield ind1=" " ind2=" " tag="300">
<subfield code="3">sound recordings</subfield>
<subfield code="a">92 sound tape reels :</subfield>
<subfield code="b">analog ;</subfield>
<subfield code="c">various sizes</subfield>
</datafield>
<datafield ind1=" " ind2=" " tag="300">
<subfield code="3">sound recordings</subfield>
<subfield code="a">129 sound cassettes :</subfield>
<subfield code="b">analog</subfield>
</datafield>
<datafield ind1=" " ind2=" " tag="300">
<subfield code="3">sound recordings</subfield>
<subfield code="a">1 sound disc :</subfield>
<subfield code="b">analog, 45 rpm ;</subfield>
<subfield code="c">6 in.</subfield>
</datafield>
<datafield ind1=" " ind2=" " tag="300">
<subfield code="3">graphic materials</subfield>
<subfield code="a">2 photographic prints :</subfield>
<subfield code="b">black and white ;</subfield>
<subfield code="c">3 1/2 x 5 in.</subfield>
</datafield>
<datafield ind1=" " ind2=" " tag="300">
<subfield code="3">graphic materials</subfield>
<subfield code="a">1 photographic negative :</subfield>
<subfield code="b">black and white ;</subfield>
<subfield code="c">3 in. x 1 1/2 in.</subfield>
</datafield>
<datafield ind1=" " ind2=" " tag="300">
<subfield code="a">moving images</subfield>
<subfield code="a">1 videocassette (VHS) :</subfield>
<subfield code="b">sound ;</subfield>
<subfield code="c">1/2 in.</subfield>
</datafield>
<datafield ind1="0" ind2=" " tag="511">
<subfield code="a">Various performers and interviewees.</subfield>
</datafield>
<datafield ind1=" " ind2=" " tag="546">
<subfield code="a">
Sound recordings of songs and speech are primarily in Pennsylvania German and in English; also in Italian, Spanish, and possibly in French.
</subfield>
</datafield>
<datafield ind1=" " ind2=" " tag="520">
<subfield code="a">
Collection of field recordings made by professor Don Yoder to document various religious sects and religious and secular folk traditions primarily in Pennsylvania and in the northeastern United States. Included are recordings of Pennsylvania German conversation, interviews, hymns, prayers, church services including sermons, folk dance music, humorous songs, and folk festivals. Some tapes document Don Yoder's lectures and contain materials prepared for his classes on folk religion recorded by Dr. Yoder and other scholars and by his students at the University of Pennsylvania. Recordings were made of various events including the first Pennsylvania Dutch Harvest Frolic, August 30-September 1, 1961; and the second annual and other years of the Pennsylvania Dutch Folk Festival, Kutztown, Pennsylvania (recorded from a broadcast by WEEU) where participants were interviewed about local history; folk religious beliefs and practices, including prayer and the himmelsbrief; and healing traditions including Pennsylvania Dutch powwowing, and religious healing in Catholic and other traditions. Local choirs performed Pennsylvania German hymns and revival hymns, some in English; and Christmas music from Pennsylvania Dutch country. Other interviewees are a Russian woman who emigrated as a child and who speaks about Jewish customs related to pregnancy and birth; Italian Americans interviewed about miracles of healing, intercessory prayer, and the St. Anthony Beneficial Society, Glassboro, N.J.; Baptist church singers from Kentucky demonstrating lining-out hymnody; interviews about Shakers; and other unidentified content. Included is a sound tape reel of Korean shamanic chant. Manuscripts include a few published articles by Don Yoder and various folk festival programs.
</subfield>
</datafield>
<datafield ind1="8" ind2=" " tag="524">
<subfield code="a">
Don Yoder collection of tape recordings (AFC 2003/051), Archive of Folk Culture, American Folklife Center, Library of Congress, Washington, D.C.
</subfield>
</datafield>
<datafield ind1=" " ind2=" " tag="540">
<subfield code="a">
Duplication of sound recordings may be governed by copyright and other restrictions.
</subfield>
</datafield>
<datafield ind1="0" ind2=" " tag="506">
<subfield code="a">
Collection is open for research. To request materials, please contact the Folklife Reading Room at
</subfield>
<subfield code="u">http://hdl.loc.gov/loc.afc/folklife.contact</subfield>
</datafield>
<datafield ind1=" " ind2=" " tag="541">
<subfield code="a">Don Yoder;</subfield>
<subfield code="c">Donation;</subfield>
<subfield code="d">2003, 2016.</subfield>
</datafield>
<datafield ind1=" " ind2=" " tag="545">
<subfield code="a">
Born in 1921, in Altoona, Pennsylvania, Don Yoder grew up immersed in the traditions of Pennsylvania German culture. Educated at Franklin and Marshall College (A.B., 1942 and B.D., 1945), and at the University of Chicago (Ph.D., 1947), Yoder was chair of the Department of Folklore and Folklife at the University of Pennsylvania from 1966-1969, and retired from teaching after 40 years. He authored and co-authored hundreds of publications, traveled and lectured widely, and held varied posts, including director of the Pennsylvania Folklife Society (which he co-founded), editor of Pennsylvania Folklife, president of the American Folklore Society, and Professor Emeritus of Folklife Studies, University of Pennsylvania. He is a member of Phi Beta Kappa, and has been elected fellow to the American Antiquarian Society and the American Genealogical Society, among others. He introduced the European concept and practice of folklife studies in the United States.
</subfield>
</datafield>
<datafield ind1=" " ind2=" " tag="555">
<subfield code="a">
Partial tape indexes are available in the Folklife Reading Room, Library of Congress.
</subfield>
</datafield>
<datafield ind1="0" ind2=" " tag="555">
<subfield code="a">Finding aid is available online</subfield>
<subfield code="u">http://hdl.loc.gov/loc.afc/eadafc.af013004</subfield>
</datafield>
<datafield ind1=" " ind2="0" tag="650">
<subfield code="a">Pennsylvania Dutch</subfield>
<subfield code="z">Pennsylvania</subfield>
<subfield code="v">Music.</subfield>
</datafield>
<datafield ind1=" " ind2="0" tag="650">
<subfield code="a">Pennsylvania Dutch</subfield>
<subfield code="z">Pennsylvania</subfield>
<subfield code="x">Social life and customs.</subfield>
</datafield>
<datafield ind1=" " ind2="0" tag="650">
<subfield code="a">Pennsylvania Dutch</subfield>
<subfield code="z">Pennsylvania</subfield>
<subfield code="x">Religion.</subfield>
</datafield>
<datafield ind1=" " ind2="0" tag="650">
<subfield code="a">Revival hymns</subfield>
<subfield code="z">Pennsylvania.</subfield>
</datafield>
<datafield ind1=" " ind2="0" tag="650">
<subfield code="a">Hymns, German</subfield>
<subfield code="z">Pennsylvania.</subfield>
</datafield>
<datafield ind1=" " ind2="0" tag="650">
<subfield code="a">Hymns, Pennsylvania German</subfield>
<subfield code="z">Pennsylvania.</subfield>
</datafield>
<datafield ind1=" " ind2="0" tag="650">
<subfield code="a">Folk songs, Pennsylvania German</subfield>
<subfield code="z">Pennsylvania.</subfield>
</datafield>
<datafield ind1=" " ind2="0" tag="650">
<subfield code="a">Folk music</subfield>
<subfield code="z">Pennsylvania.</subfield>
</datafield>
<datafield ind1=" " ind2="0" tag="650">
<subfield code="a">Hymns, English</subfield>
<subfield code="z">Pennsylvania.</subfield>
</datafield>
<datafield ind1=" " ind2="0" tag="650">
<subfield code="a">Christmas music</subfield>
<subfield code="z">Pennsylvania.</subfield>
</datafield>
<datafield ind1=" " ind2="0" tag="650">
<subfield code="a">Folk festivals</subfield>
<subfield code="z">Pennsylvania.</subfield>
</datafield>
<datafield ind1=" " ind2="0" tag="650">
<subfield code="a">Folk dance music</subfield>
<subfield code="z">Pennsylvania.</subfield>
</datafield>
<datafield ind1=" " ind2="0" tag="650">
<subfield code="a">Healing</subfield>
<subfield code="x">Religious aspects.</subfield>
</datafield>
<datafield ind1=" " ind2="0" tag="650">
<subfield code="a">Italian American Catholics</subfield>
<subfield code="z">New Jersey</subfield>
<subfield code="x">Social life and customs.</subfield>
</datafield>
<datafield ind1=" " ind2="0" tag="650">
<subfield code="a">Italian American Catholics</subfield>
<subfield code="z">New Jersey</subfield>
<subfield code="x">Religion.</subfield>
</datafield>
<datafield ind1=" " ind2="0" tag="650">
<subfield code="a">Baptists</subfield>
<subfield code="z">Kentucky</subfield>
<subfield code="v">Hymns.</subfield>
</datafield>
<datafield ind1=" " ind2="0" tag="650">
<subfield code="a">Jews, Russian</subfield>
<subfield code="z">United States</subfield>
<subfield code="x">Social life and customs.</subfield>
</datafield>
<datafield ind1=" " ind2="0" tag="650">
<subfield code="a">Syrian Americans</subfield>
<subfield code="x">Social life and customs.</subfield>
</datafield>
<datafield ind1=" " ind2="0" tag="650">
<subfield code="a">African Americans</subfield>
<subfield code="x">Social life and customs.</subfield>
</datafield>
<datafield ind1=" " ind2="0" tag="650">
<subfield code="a">Quakers</subfield>
<subfield code="v">Genealogy.</subfield>
</datafield>
<datafield ind1=" " ind2="0" tag="650">
<subfield code="a">Shakers</subfield>
<subfield code="x">Religion.</subfield>
</datafield>
<datafield ind1=" " ind2="0" tag="650">
<subfield code="a">Society of Friends.</subfield>
</datafield>
<datafield ind1=" " ind2="0" tag="650">
<subfield code="a">Field recordings</subfield>
<subfield code="z">Pennsylvania.</subfield>
</datafield>
<datafield ind1=" " ind2="0" tag="650">
<subfield code="a">Field recordings</subfield>
<subfield code="z">New Jersey.</subfield>
</datafield>
<datafield ind1=" " ind2="7" tag="650">
<subfield code="a">Powwows (healers)</subfield>
<subfield code="2">afset</subfield>
</datafield>
<datafield ind1=" " ind2="0" tag="650">
<subfield code="a">Hymns, Pennsylvania German.</subfield>
</datafield>
<datafield ind1=" " ind2="0" tag="651">
<subfield code="a">Padanaram Settlement (Ind.)</subfield>
</datafield>
<datafield ind1=" " ind2="7" tag="655">
<subfield code="a">Interviews.</subfield>
<subfield code="2">lcgft</subfield>
</datafield>
<datafield ind1=" " ind2="7" tag="655">
<subfield code="a">Lectures.</subfield>
<subfield code="2">lcgft</subfield>
</datafield>
<datafield ind1=" " ind2="7" tag="655">
<subfield code="a">Prayers.</subfield>
<subfield code="2">lcgft</subfield>
</datafield>
<datafield ind1=" " ind2="7" tag="655">
<subfield code="a">Field recordings.</subfield>
<subfield code="2">lcgft</subfield>
</datafield>
<datafield ind1=" " ind2="7" tag="655">
<subfield code="a">Radio programs.</subfield>
<subfield code="2">lcgft</subfield>
</datafield>
<datafield ind1="1" ind2=" " tag="700">
<subfield code="a">Anderson, Cheryl P.,</subfield>
<subfield code="e">interviewee.</subfield>
</datafield>
<datafield ind1="1" ind2=" " tag="700">
<subfield code="a">Bailer, Sophia,</subfield>
<subfield code="d">1870-1954,</subfield>
<subfield code="e">interviewee.</subfield>
</datafield>
<datafield ind1="1" ind2=" " tag="700">
<subfield code="a">Bechtel, Ernest Waldo,</subfield>
<subfield code="e">speaker.</subfield>
</datafield>
<datafield ind1="1" ind2=" " tag="700">
<subfield code="a">Brendel, John B.,</subfield>
<subfield code="d">1911-1971,</subfield>
<subfield code="e">interviewee.</subfield>
</datafield>
<datafield ind1="1" ind2=" " tag="700">
<subfield code="a">Brightbill, Alvin F.</subfield>
<subfield code="q">(Alvin Franz),</subfield>
<subfield code="e">speaker.</subfield>
</datafield>
<datafield ind1="1" ind2=" " tag="700">
<subfield code="a">Craigie, Carter Walker,</subfield>
<subfield code="e">interviewee.</subfield>
</datafield>
<datafield ind1="1" ind2=" " tag="700">
<subfield code="a">Cronister, Henry,</subfield>
<subfield code="d">1881-1976,</subfield>
<subfield code="e">interviewee.</subfield>
</datafield>
<datafield ind1="1" ind2=" " tag="700">
<subfield code="a">Dreamdigger, Ruth,</subfield>
<subfield code="d">1919-1997,</subfield>
<subfield code="e">interviewee.</subfield>
</datafield>
<datafield ind1="1" ind2=" " tag="700">
<subfield code="a">Eberley, Sophia E.,</subfield>
<subfield code="d">1896-1966,</subfield>
<subfield code="e">interviewee.</subfield>
</datafield>
<datafield ind1="1" ind2=" " tag="700">
<subfield code="a">Eckert, Frank,</subfield>
<subfield code="d">1870-1959,</subfield>
<subfield code="e">interviewee.</subfield>
</datafield>
<datafield ind1="1" ind2=" " tag="700">
<subfield code="a">Fry, Dorathy V. Eberly,</subfield>
<subfield code="d">1914-2012,</subfield>
<subfield code="e">interviewee.</subfield>
</datafield>
<datafield ind1="1" ind2=" " tag="700">
<subfield code="a">Gable, Valeria,</subfield>
<subfield code="d">1866-1955,</subfield>
<subfield code="e">interviewee.</subfield>
</datafield>
<datafield ind1="1" ind2=" " tag="700">
<subfield code="a">Green, Rose Basile,</subfield>
<subfield code="d">1914-2003,</subfield>
<subfield code="e">interviewee.</subfield>
</datafield>
<datafield ind1="1" ind2=" " tag="700">
<subfield code="a">Hertzog, Phares H.,</subfield>
<subfield code="d">1880-1988,</subfield>
<subfield code="e">speaker.</subfield>
</datafield>
<datafield ind1="1" ind2=" " tag="700">
<subfield code="a">Hostetler, John A.</subfield>
<subfield code="q">(John Andrew),</subfield>
<subfield code="d">1918-2001,</subfield>
<subfield code="e">interviewee.</subfield>
</datafield>
<datafield ind1="1" ind2=" " tag="700">
<subfield code="a">Lapp, John E.,</subfield>
<subfield code="d">1905-1988,</subfield>
<subfield code="e">interviewee.</subfield>
</datafield>
<datafield ind1="1" ind2=" " tag="700">
<subfield code="a">Mealing, Francis Mark,</subfield>
<subfield code="d">1938-</subfield>
<subfield code="e">interviewer.</subfield>
</datafield>
<datafield ind1="1" ind2=" " tag="700">
<subfield code="a">Michael, Marian P.,</subfield>
<subfield code="d">1927-2011,</subfield>
<subfield code="e">interviewee.</subfield>
</datafield>
<datafield ind1="1" ind2=" " tag="700">
<subfield code="a">Ossman, Agnes M.,</subfield>
<subfield code="d">1870-1960,</subfield>
<subfield code="e">interviewee.</subfield>
</datafield>
<datafield ind1="1" ind2=" " tag="700">
<subfield code="a">Paul, Mary,</subfield>
<subfield code="d">1859-1951,</subfield>
<subfield code="e">interviewee.</subfield>
</datafield>
<datafield ind1="1" ind2=" " tag="700">
<subfield code="a">Peachey, Samuel H.</subfield>
<subfield code="q">(Samuel Hildebertus),</subfield>
<subfield code="d">1892-1973,</subfield>
<subfield code="e">interviewee.</subfield>
</datafield>
<datafield ind1="1" ind2=" " tag="700">
<subfield code="a">Raichelson, Richard M.,</subfield>
<subfield code="d">1941-</subfield>
<subfield code="e">interviewee.</subfield>
</datafield>
<datafield ind1="1" ind2=" " tag="700">
<subfield code="a">Seldomridge, Amos Leon,</subfield>
<subfield code="d">1920-2016,</subfield>
<subfield code="e">speaker.</subfield>
</datafield>
<datafield ind1="1" ind2=" " tag="700">
<subfield code="a">Snyder, Mabel L.,</subfield>
<subfield code="d">1902-1973,</subfield>
<subfield code="e">interviewee.</subfield>
</datafield>
<datafield ind1="1" ind2=" " tag="700">
<subfield code="a">Summerton, Larry,</subfield>
<subfield code="e">interviewee,</subfield>
<subfield code="e">performer.</subfield>
</datafield>
<datafield ind1="1" ind2=" " tag="700">
<subfield code="a">Thomas, Mary Larkin,</subfield>
<subfield code="d">1886-1981,</subfield>
<subfield code="e">interviewee.</subfield>
</datafield>
<datafield ind1="1" ind2=" " tag="700">
<subfield code="a">Trein, Jennie C.,</subfield>
<subfield code="d">1879-1977,</subfield>
<subfield code="e">interviewee.</subfield>
</datafield>
<datafield ind1="1" ind2=" " tag="700">
<subfield code="a">Watson, Ora,</subfield>
<subfield code="d">1908-2004,</subfield>
<subfield code="e">interviewee.</subfield>
</datafield>
<datafield ind1="1" ind2=" " tag="700">
<subfield code="a">Weaver, Carrie Bonser,</subfield>
<subfield code="e">interviewee.</subfield>
</datafield>
<datafield ind1="1" ind2=" " tag="700">
<subfield code="a">Weaver, William Woys,</subfield>
<subfield code="d">1947-</subfield>
<subfield code="e">interviewee.</subfield>
</datafield>
<datafield ind1="1" ind2=" " tag="700">
<subfield code="a">Womack, Daniel,</subfield>
<subfield code="d">1904-1996,</subfield>
<subfield code="e">interviewee.</subfield>
</datafield>
<datafield ind1="1" ind2=" " tag="700">
<subfield code="a">Wright, Daniel,</subfield>
<subfield code="d">1918-2001,</subfield>
<subfield code="e">performer.</subfield>
</datafield>
<datafield ind1="1" ind2=" " tag="700">
<subfield code="a">Wright, Lois W.,</subfield>
<subfield code="d">1921-1998,</subfield>
<subfield code="e">performer.</subfield>
</datafield>
<datafield ind1="1" ind2=" " tag="700">
<subfield code="a">Wright-Summerton, Rachel,</subfield>
<subfield code="e">interviewee,</subfield>
<subfield code="e">performer.</subfield>
</datafield>
<datafield ind1="1" ind2=" " tag="700">
<subfield code="a">Yoder, Don,</subfield>
<subfield code="e">collector.</subfield>
</datafield>
<datafield ind1="1" ind2=" " tag="700">
<subfield code="a">Yoder, Emma L.,</subfield>
<subfield code="d">1873-1961,</subfield>
<subfield code="e">interviewee.</subfield>
</datafield>
<datafield ind1="2" ind2=" " tag="710">
<subfield code="a">Ephrata Cloister,</subfield>
<subfield code="e">performer.</subfield>
</datafield>
<datafield ind1="2" ind2=" " tag="710">
<subfield code="a">International Communal Studies Association.</subfield>
</datafield>
<datafield ind1="2" ind2=" " tag="710">
<subfield code="a">WEEU (Radio station : Reading, Pa.)</subfield>
</datafield>
<datafield ind1="2" ind2=" " tag="711">
<subfield code="a">Pennsylvania Dutch Folk Festival:</subfield>
<subfield code="n">(2nd:</subfield>
<subfield code="d">1951 :</subfield>
<subfield code="c">Kutztown, Pa.)</subfield>
</datafield>
<datafield ind1="2" ind2=" " tag="711">
<subfield code="a">Pennsylvania Dutch Harvest Frolic:</subfield>
<subfield code="n">(1st:</subfield>
<subfield code="d">1961 :</subfield>
<subfield code="c">Lancaster, Pa.)</subfield>
</datafield>
<datafield ind1=" " ind2=" " tag="852">
<subfield code="a">Library of Congress</subfield>
<subfield code="b">Archive of Folk Culture, American Folklife Center,</subfield>
<subfield code="e">
101 Independence Ave. S.E., Washington, DC USA 20540-4610
</subfield>
</datafield>
<datafield ind1="4" ind2="2" tag="856">
<subfield code="3">Finding aid</subfield>
<subfield code="u">http://hdl.loc.gov/loc.afc/eadafc.af013004</subfield>
</datafield>
<datafield ind1=" " ind2=" " tag="985">
<subfield code="a">afc/coll</subfield>
</datafield>
<datafield ind1=" " ind2=" " tag="985">
<subfield code="a">afc/ead</subfield>
</datafield>
</record>
</collection>